% INTRODUCTION
@article{wan_music_2010,
	title = {Music Making as a Tool for Promoting Brain Plasticity across the Life Span},
	volume = {16},
	issn = {1073-8584},
	url = {https://www.ncbi.nlm.nih.gov/pmc/articles/PMC2996135/},
	doi = {10.1177/1073858410377805},
	number = {5},
	journal = {The Neuroscientist : a review journal bringing neurobiology, neurology and psychiatry},
	author = {Wan, Catherine Y. and Schlaug, Gottfried},
	month = oct,
	year = {2010},
	pages = {566-577},
}

@article{warren_mechanisms_2011,
	title = {Mechanisms and time course of vocal learning and consolidation in the adult songbird},
	volume = {106},
	issn = {0022-3077},
	doi = {10.1152/jn.00311.2011},
	number = {4},
	journal = {Journal of Neurophysiology},
	author = {Warren, Timothy L. and Tumer, Evren C. and Charlesworth, Jonathan D. and Brainard, Michael S.},
	month = oct,
	year = {2011},
	pages = {1806-1821},
}

@article{nieder_counting_2005,
	title = {Counting on neurons: the neurobiology of numerical competence},
	volume = {6},
	issn = {1471-0048},
	doi = {10.1038/nrn1626},
	number = {3},
	journal = {Nature Reviews Neuroscience},
	author = {Nieder, Andreas},
	month = mar,
	year = {2005},
	pages = {177-190},
}

@article{diester_semantic_2007,
	title = {Semantic Associations between Signs and Numerical Categories in the Prefrontal Cortex},
	volume = {5},
	issn = {1545-7885},
	doi = {10.1371/journal.pbio.0050294},
	number = {11},
	urldate = {2021-09-19},
	journal = {PLOS Biology},
	author = {Diester, Ilka and Nieder, Andreas},
	month = oct,
	year = {2007},
	pages = {e294},
}

@article{damoiseaux_greater_2009,
	title = {Greater than the sum of its parts: a review of studies combining structural connectivity and resting-state functional connectivity},
	volume = {213},
	issn = {1863-2661},
	shorttitle = {Greater than the sum of its parts},
	doi = {10.1007/s00429-009-0208-6},
	number = {6},
	journal = {Brain Structure & Function},
	author = {Damoiseaux, Jessica S. and Greicius, Michael D.},
	month = oct,
	year = {2009},
	pages = {525--533}
}

@article{sharp_default_2011,
	title = {Default mode network functional and structural connectivity after traumatic brain injury},
	volume = {134},
	issn = {1460-2156},
	doi = {10.1093/brain/awr175},
	number = {Pt 8},
	journal = {Brain: A Journal of Neurology},
	author = {Sharp, David J. and Beckmann, Christian F. and Greenwood, Richard and Kinnunen, Kirsi M. and Bonnelle, Valerie and De Boissezon, Xavier and Powell, Jane H. and Counsell, Serena J. and Patel, Maneesh C. and Leech, Robert},
	month = aug,
	year = {2011},
	pages = {2233--2247},
}

@article{shen_using_2017,
	title = {Using connectome-based predictive modeling to predict individual behavior from brain connectivity},
	volume = {12},
	issn = {1750-2799},
	doi = {10.1038/nprot.2016.178},
	number = {3},
	journal = {Nature Protocols},
	author = {Shen, Xilin and Finn, Emily S. and Scheinost, Dustin and Rosenberg, Monica D. and Chun, Marvin M. and Papademetris, Xenophon and Constable, R. Todd},
	month = mar,
	year = {2017},
	pages = {506--518},
}

@article{huys_computational_2016,
	title = {Computational psychiatry as a bridge from neuroscience to clinical applications},
	volume = {19},
	issn = {1546-1726},
	doi = {10.1038/nn.4238},
	number = {3},
	journal = {Nature Neuroscience},
	author = {Huys, Quentin J. M. and Maia, Tiago V. and Frank, Michael J.},
	month = mar,
	year = {2016},
	pages = {404--413},
}

% DWI
@article{stejskal_spin_1965,
	title = {Spin Diffusion Measurements: Spin Echoes in the Presence of a Time‐Dependent Field Gradient},
	volume = {42},
	issn = {0021-9606},
	doi = {10.1063/1.1695690},
	number = {1},
	urldate = {2021-09-24},
	journal = {The Journal of Chemical Physics},
	author = {Stejskal, E. O. and Tanner, J. E.},
	month = jan,
	year = {1965},
	pages = {288-292},
}

@article{le_bihan_mr_1986,
	title = {{MR} imaging of intravoxel incoherent motions: application to diffusion and perfusion in neurologic disorders},
	volume = {161},
	issn = {0033-8419},
	doi = {10.1148/radiology.161.2.3763909},
	number = {2},
	journal = {Radiology},
	author = {Le Bihan, D. and Breton, E. and Lallemand, D. and Grenier, P. and Cabanis, E. and Laval-Jeantet, M.},
	month = nov,
	year = {1986},
	pages = {401-407},
}

@article{basser_estimation_1994,
	title = {Estimation of the Effective Self-Diffusion Tensor from the {NMR} Spin Echo},
	volume = {103},
	issn = {1064-1866},
	doi = {10.1006/jmrb.1994.1037},
	number = {3},
	urldate = {2021-09-27},
	journal = {Journal of Magnetic Resonance, Series B},
	author = {Basser, P. J. and Mattiello, J. and Lebihan, D.},
	month = mar,
	year = {1994},
	pages = {247-254},
}

@article{basser_mr_1994,
	title = {{MR} diffusion tensor spectroscopy and imaging},
	volume = {66},
	issn = {00063495},
	doi = {10.1016/S0006-3495(94)80775-1},
	number = {1},
	urldate = {2021-09-27},
	journal = {Biophysical Journal},
	author = {Basser, P.J. and Mattiello, J. and LeBihan, D.},
	month = jan,
	year = {1994},
	pages = {259-267},
}

@article{pierpaoli_toward_1996,
	title = {Toward a quantitative assessment of diffusion anisotropy},
	volume = {36},
	issn = {1522-2594},
	doi = {10.1002/mrm.1910360612},
	number = {6},
	journal = {Magnetic Resonance in Medicine},
	author = {Pierpaoli, Carlo and Basser, Peter J.},
	year = {1996},
	pages = {893-906},
}

@article{ulug_orientation-independent_1999,
	title = {Orientation-independent diffusion imaging without tensor diagonalization: anisotropy definitions based on physical attributes of the diffusion ellipsoid},
	volume = {9},
	issn = {1053-1807},
	doi = {10.1002/(sici)1522-2586(199906)9:6<804::aid-jmri7>3.0.co;2-b},
	number = {6},
	journal = {Journal of magnetic resonance imaging: JMRI},
	author = {Uluğ, A. M. and van Zijl, P. C.},
	month = jun,
	year = {1999},
	pages = {804-813},
}

@article{thomsen_vivo_1987,
	title = {In vivo measurement of water self diffusion in the human brain by magnetic resonance imaging},
	volume = {28},
	issn = {0284-1851},
	number = {3},
	journal = {Acta Radiologica (Stockholm, Sweden: 1987)},
	author = {Thomsen, C. and Henriksen, O. and Ring, P.},
	month = jun,
	year = {1987},
	pages = {353-361},
}

@article{chenevert_anisotropic_1990,
	title = {Anisotropic diffusion in human white matter: demonstration with {MR} techniques in vivo},
	volume = {177},
	issn = {0033-8419},
	doi = {10.1148/radiology.177.2.2217776},
	number = {2},
	journal = {Radiology},
	author = {Chenevert, T. L. and Brunberg, J. A. and Pipe, J. G.},
	month = nov,
	year = {1990},
	pages = {401-405},
}

@article{chien_mr_1990,
	title = {{MR} diffusion imaging of the human brain},
	volume = {14},
	issn = {0363-8715},
	doi = {10.1097/00004728-199007000-00003},
	number = {4},
	journal = {Journal of Computer Assisted Tomography},
	author = {Chien, D. and Buxton, R. B. and Kwong, K. K. and Brady, T. J. and Rosen, B. R.},
	month = aug,
	year = {1990},
	pages = {514--520},
}

@article{moseley_diffusion-weighted_1990,
	title = {Diffusion-weighted {MR} imaging of anisotropic water diffusion in cat central nervous system},
	volume = {176},
	issn = {0033-8419},
	doi = {10.1148/radiology.176.2.2367658},
	number = {2},
	journal = {Radiology},
	author = {Moseley, M. E. and Cohen, Y. and Kucharczyk, J. and Mintorovitch, J. and Asgari, H. S. and Wendland, M. F. and Tsuruda, J. and Norman, D.},
	month = aug,
	year = {1990},
	pages = {439-445},
}

@article{hajnal_mr_1991,
	title = {{MR} imaging of anisotropically restricted diffusion of water in the nervous system: technical, anatomic, and pathologic considerations},
	volume = {15},
	issn = {0363-8715},
	doi = {10.1097/00004728-199101000-00001},
	number = {1},
	journal = {Journal of Computer Assisted Tomography},
	author = {Hajnal, J. V. and Doran, M. and Hall, A. S. and Collins, A. G. and Oatridge, A. and Pennock, J. M. and Young, I. R. and Bydder, G. M.},
	month = feb,
	year = {1991},
	pages = {1-18},
}

@article{king_diffusion-weighted_1991,
	title = {Diffusion-weighted imaging of kainic acid lesions in the rat brain},
	volume = {20},
	issn = {0740-3194},
	doi = {10.1002/mrm.1910200117},
	number = {1},
	journal = {Magnetic Resonance in Medicine},
	author = {King, M. D. and van Bruggen, N. and Ahier, R. G. and Cremer, J. E. and Hajnal, J. V. and Williams, S. R. and Doran, M.},
	month = jul,
	year = {1991},
	pages = {158-164},
}

@article{howe_magnetic_1992,
	title = {Magnetic resonance neurography},
	volume = {28},
	issn = {0740-3194},
	doi = {10.1002/mrm.1910280215},
	number = {2},
	journal = {Magnetic Resonance in Medicine},
	author = {Howe, F. A. and Filler, A. G. and Bell, B. A. and Griffiths, J. R.},
	month = dec,
	year = {1992},
	pages = {328-338},
}

@article{moseley_anisotropy_1991,
	title = {Anisotropy in diffusion-weighted {MRI}},
	volume = {19},
	issn = {0740-3194},
	doi = {10.1002/mrm.1910190222},
	number = {2},
	journal = {Magnetic Resonance in Medicine},
	author = {Moseley, M. E. and Kucharczyk, J. and Asgari, H. S. and Norman, D.},
	month = jun,
	year = {1991},
	pages = {321-326},
}

@article{rutherford_mr_1991,
	title = {{MR} imaging of anisotropically restricted diffusion in the brain of neonates and infants},
	volume = {15},
	issn = {0363-8715},
	doi = {10.1097/00004728-199103000-00002},
	number = {2},
	journal = {Journal of Computer Assisted Tomography},
	author = {Rutherford, M. A. and Cowan, F. M. and Manzur, A. Y. and Dubowitz, L. M. and Pennock, J. M. and Hajnal, J. V. and Young, I. R. and Bydder, G. M.},
	month = apr,
	year = {1991},
	pages = {188--198},
}

@article{sakuma_adult_1991,
	title = {Adult and neonatal human brain: diffusional anisotropy and myelination with diffusion-weighted {MR} imaging},
	volume = {180},
	doi = {10.1148/radiology.180.1.2052700},
	number = {1},
	journal = {Radiology},
	author = {Sakuma, H. and Nomura, Y. and Takeda, K. and Tagami, T. and Nakagawa, T. and Tamagawa, Y. and Ishii, Y. and Tsukamoto, T.},
	month = jul,
	year = {1991},
	pages = {229--233},
}

@article{douek_mr_1991,
	title = {{MR} color mapping of myelin fiber orientation},
	volume = {15},
	issn = {0363-8715},
	doi = {10.1097/00004728-199111000-00003},
	number = {6},
	journal = {Journal of Computer Assisted Tomography},
	author = {Douek, P. and Turner, R. and Pekar, J. and Patronas, N. and Le Bihan, D.},
	month = dec,
	year = {1991},
	pages = {923--929},
}

@article{warach_acute_1995,
	title = {Acute human stroke studied by whole brain echo planar diffusion-weighted magnetic resonance imaging},
	volume = {37},
	issn = {0364-5134},
	doi = {10.1002/ana.410370214},
	number = {2},
	journal = {Annals of Neurology},
	author = {Warach, S. and Gaa, J. and Siewert, B. and Wielopolski, P. and Edelman, R. R.},
	month = feb,
	year = {1995},
	pages = {231-241},
}

@article{koh_diffusion-weighted_2007,
	title = {Diffusion-weighted {MRI} in the body: applications and challenges in oncology},
	volume = {188},
	issn = {1546-3141},
	doi = {10.2214/AJR.06.1403},
	number = {6},
	journal = {AJR. American journal of roentgenology},
	author = {Koh, Dow-Mu and Collins, David J.},
	month = jun,
	year = {2007},
	pages = {1622-1635},
}

@article{kiselev_fundamentals_2017,
	title = {Fundamentals of diffusion {MRI} physics},
	volume = {30},
	issn = {1099-1492},
	doi = {10.1002/nbm.3602},
	number = {3},
	journal = {NMR in biomedicine},
	author = {Kiselev, Valerij G.},
	month = mar,
	year = {2017},
}

@article{aja-fernandez_noise_2008,
	title = {Noise and Signal Estimation in Magnitude {MRI} and Rician  Distributed Images: A {LMMSE} Approach},
	volume = {17},
	issn = {1941-0042},
	doi = {10.1109/TIP.2008.925382},
	number = {8},
	journal = {IEEE Transactions on Image Processing},
	author = {Aja-Fernandez, Santiago and Alberola-Lopez, Carlos and Westin, Carl-Fredrik},
	month = aug,
	year = {2008},
	pages = {1383-1398},
}

@article{veraart_constrained_2011,
	title = {Constrained maximum likelihood estimation of the diffusion kurtosis tensor using a Rician noise model},
	volume = {66},
	issn = {1522-2594},
	doi = {10.1002/mrm.22835},
	number = {3},
	journal = {Magnetic Resonance in Medicine},
	author = {Veraart, Jelle and Van Hecke, Wim and Sijbers, Jan},
	month = sep,
	year = {2011},
	pages = {678-686},
}

@article{le_bihan_artifacts_2006,
	title = {Artifacts and pitfalls in diffusion {MRI}},
	volume = {24},
	issn = {1053-1807},
	doi = {10.1002/jmri.20683},
	number = {3},
	journal = {Journal of magnetic resonance imaging: JMRI},
	author = {Le Bihan, Denis and Poupon, Cyril and Amadon, Alexis and Lethimonnier, Franck},
	month = sep,
	year = {2006},
	pages = {478-488},
}

@article{andersson_model-based_2002,
	title = {A Model-Based Method for Retrospective Correction of Geometric Distortions in Diffusion-Weighted {EPI}},
	volume = {16},
	issn = {1053-8119},
	doi = {10.1006/nimg.2001.1039},
	number = {1},
	urldate = {2021-09-27},
	journal = {NeuroImage},
	author = {Andersson, Jesper L. R. and Skare, Stefan},
	month = may,
	year = {2002},
	pages = {177-199},
}

@article{andersson_integrated_2016,
	title = {An integrated approach to correction for off-resonance effects and subject movement in diffusion {MR} imaging},
	volume = {125},
	issn = {1053-8119},
	doi = {10.1016/j.neuroimage.2015.10.019},
	urldate = {2021-09-27},
	journal = {NeuroImage},
	author = {Andersson, Jesper L. R. and Sotiropoulos, Stamatios N.},
	month = jan,
	year = {2016},
	pages = {1063-1078},
}

@inproceedings{wheeler_2021,
title = "Gibbs Ringing and Negative {ADC} Values",
author = "GJM Parker and GJ Barker and CA Wheeler-Kingshot",
year = "2001",
language = "English",
booktitle = "Proceedings of the ISMRM ninth meeting",
}

@article{veraart_gibbs_2016,
	title = {Gibbs ringing in diffusion {MRI}},
	volume = {76},
	issn = {1522-2594},
	doi = {10.1002/mrm.25866},
	number = {1},
	urldate = {2021-09-27},
	journal = {Magnetic Resonance in Medicine},
	author = {Veraart, Jelle and Fieremans, Els and Jelescu, Ileana O. and Knoll, Florian and Novikov, Dmitry S.},
	year = {2016},
	pages = {301-314},
}

@article{tournier_diffusion_2011,
	title = {Diffusion tensor imaging and beyond},
	volume = {65},
	issn = {1522-2594},
	doi = {10.1002/mrm.22924},
	number = {6},
	urldate = {2021-09-27},
	journal = {Magnetic Resonance in Medicine},
	author = {Tournier, Jacques-Donald and Mori, Susumu and Leemans, Alexander},
	year = {2011},
	pages = {1532-1556},
}

@article{kellner_gibbs-ringing_2016,
	title = {Gibbs-ringing artifact removal based on local subvoxel-shifts},
	volume = {76},
	issn = {1522-2594},
	doi = {10.1002/mrm.26054},
	number = {5},
	urldate = {2021-09-27},
	journal = {Magnetic Resonance in Medicine},
	author = {Kellner, Elias and Dhital, Bibek and Kiselev, Valerij G. and Reisert, Marco},
	year = {2016},
	pages = {1574-1581},
}

@article{perrone_effect_2015,
	title = {The effect of Gibbs ringing artifacts on measures derived from diffusion {MRI}},
	volume = {120},
	issn = {1053-8119},
	doi = {10.1016/j.neuroimage.2015.06.068},
	journal = {NeuroImage},
	author = {Perrone, Daniele and Aelterman, Jan and Pižurica, Aleksandra and Jeurissen, Ben and Philips, Wilfried and Leemans, Alexander},
	month = oct,
	year = {2015},
	pages = {441-455},
}

@article{ades-aron_evaluation_2018,
	title = {Evaluation of the accuracy and precision of the diffusion parameter EStImation with Gibbs and NoisE removal pipeline},
	volume = {183},
	issn = {1053-8119},
	doi = {10.1016/j.neuroimage.2018.07.066},
	urldate = {2021-09-27},
	journal = {NeuroImage},
	author = {Ades-Aron, Benjamin and Veraart, Jelle and Kochunov, Peter and McGuire, Stephen and Sherman, Paul and Kellner, Elias and Novikov, Dmitry S. and Fieremans, Els},
	month = dec,
	year = {2018},
	pages = {532--543},
}

@article{bernstein_imaging_2006,
	title = {Imaging artifacts at 3.0{T}},
	volume = {24},
	issn = {1053-1807},
	doi = {10.1002/jmri.20698},
	number = {4},
	journal = {Journal of magnetic resonance imaging: JMRI},
	author = {Bernstein, Matt A. and Huston, John and Ward, Heidi A.},
	month = oct,
	year = {2006},
	pages = {735--746},
}

@article{belaroussi_intensity_2006,
	title = {Intensity non-uniformity correction in {MRI}: existing methods and their validation},
	volume = {10},
	issn = {1361-8415},
	doi = {10.1016/j.media.2005.09.004},
	number = {2},
	journal = {Medical Image Analysis},
	author = {Belaroussi, Boubakeur and Milles, Julien and Carme, Sabin and Zhu, Yue Min and Benoit-Cattin, Hugues},
	month = apr,
	year = {2006},
	pages = {234-246},
}

@article{tabesh_estimation_2011,
	title = {Estimation of tensors and tensor-derived measures in diffusional kurtosis imaging},
	volume = {65},
	issn = {1522-2594},
	doi = {10.1002/mrm.22655},
	number = {3},
	journal = {Magnetic Resonance in Medicine},
	author = {Tabesh, Ali and Jensen, Jens H. and Ardekani, Babak A. and Helpern, Joseph A.},
	year = {2011},
	pages = {823-836},
}

@article{cui_panda_2013,
	title = {{PANDA}: a pipeline toolbox for analyzing brain diffusion images},
	volume = {7},
	issn = {1662-5161},
	doi = {10.3389/fnhum.2013.00042},
	journal = {Frontiers in Human Neuroscience},
	author = {Cui, Zaixu and Zhong, Suyu and Xu, Pengfei and Gong, Gaolang and He, Yong},
	year = {2013},
	pages = {42},
}

@article{tournier_mrtrix3_2019,
	title = {{MRtrix3}: {A} fast, flexible and open software framework for medical image processing and visualisation},
	volume = {202},
	issn = {1095-9572},
	doi = {10.1016/j.neuroimage.2019.116137},
	journal = {NeuroImage},
	author = {Tournier, J.-Donald and Smith, Robert and Raffelt, David and Tabbara, Rami and Dhollander, Thijs and Pietsch, Maximilian and Christiaens, Daan and Jeurissen, Ben and Yeh, Chun-Hung and Connelly, Alan},
	month = nov,
	year = {2019},
	pages = {116137},
}

@book{penny_statistical_2006,
	title = {Statistical {Parametric} {Mapping}: {The} {Analysis} of {Funtional} {Brain} {Images}},
	isbn = {978-0-12-372560-8},
	publisher = {Elsevier/Academic Press},
	author = {Penny, William D. and Friston, Karl J. and Ashburner, John and Kiebel, Stefan J and Nichols, Thomas},
	year = {2006},
}

@article{vizioli_lowering_2021,
	title = {Lowering the thermal noise barrier in functional brain mapping with magnetic resonance imaging},
	volume = {12},
	issn = {2041-1723},
	url = {https://www.nature.com/articles/s41467-021-25431-8},
	doi = {10.1038/s41467-021-25431-8},
	number = {1},
	urldate = {2021-10-01},
	journal = {Nature Communications},
	author = {Vizioli, Luca and Moeller, Steen and Dowdle, Logan and Akçakaya, Mehmet and De Martino, Federico and Yacoub, Essa and Uğurbil, Kamil},
	month = aug,
	year = {2021},
	pages = {5181},
}

% COMPLEX LAPLACIAN:
@ARTICLE{hodgkin_quantitative_1952,
	title = {A quantitative description of membrane current and its application to conduction and excitation in nerve},
	volume = {117},
	journal = {The Journal of Physiology},
	author = {Hodgkin, A. L. and Huxley, A. F.},
	year = {1952},
	pages = {500-544},
}

@ARTICLE{craddock_whole_2012,
	title = {A whole brain {fMRI} atlas generated via spatially constrained spectral clustering},
	volume = {33},
	journal = {Human brain mapping},
	author = {Craddock, R. Cameron and James, G. Andrew and Holtzheimer, Paul E. and Hu, Xiaoping P. and Mayberg, Helen S.},
	year = {2012},
}

@ARTICLE{bassett_human_2009,
	title = {Human brain networks in health and disease},
	volume = {22},
	journal = {Current Opinion in Neurology},
	author = {Bassett, Danielle S. and Bullmore, Edward T.},
	month = aug,
	year = {2009},
	pages = {340-347},
}

@ARTICLE{cao_topological_2014,
	title = {Topological organization of the human brain functional connectome across the lifespan},
	volume = {7},
	journal = {Developmental Cognitive Neuroscience},
	author = {Cao, Miao and Wang, Jin-Hui and Dai, Zheng-Jia and Cao, Xiao-Yan and Jiang, Li-Li and Fan, Feng-Mei and Song, Xiao-Wei and Xia, Ming-Rui and Shu, Ni and Dong, Qi and Milham, Michael P. and Castellanos, F. Xavier and Zuo, Xi-Nian and He, Yong},
	year = {2014},
}

@ARTICLE{chatterjee_understanding_2008,
	title = {Understanding the mind of a worm: hierarchical network structure underlying nervous system function in C. elegans},
	volume = {168},
	pages = {145-153},
	journal = {Progress in Brain Research},
	author = {Chatterjee, Nivedita and Sinha, Sitabhra},
	year = {2008},
}

@ARTICLE{bassett_small-world_2006,
	title = {Small-World Brain Networks},
	pages = {512-523},
	journal = {The Neuroscientist},
	author = {Bassett, Danielle Smith and Bullmore, Ed},
	year = {2006},
}

@ARTICLE{he_structural_2008,
	title = {Structural Insights into Aberrant Topological Patterns of Large-Scale Cortical Networks in Alzheimer's Disease},
	volume = {28},
	pages = {4756-4766},
	journal = {Journal of Neuroscience},
	author = {He, Y. and Chen, Z. and Evans, A.},
	year = {2008},
}

@ARTICLE{brunel_effects_2001,
	title = {Effects of neuromodulation in a cortical network model of object working memory dominated by recurrent inhibition},
	volume = {11},
	pages = {63-85},
	journal = {Journal of Computational Neuroscience},
	author = {Brunel, Nicolas and Wang, Xiao Jing},
	year = {2001},
}

@ARTICLE{brunel_dynamics_2000,
	title = {Dynamics of sparsely connected networls of excitatory and inhibitory neurons},
	volume = {8},
	pages = {183-208},
	journal = {Computational Neuroscience},
	author = {Brunel, N and Brunel, N},
	year = {2000},
}

@ARTICLE{buckner_molecular_2005,
	title = {Molecular, Structural, and Functional Characterization of Alzheimer's Disease: Evidence for a Relationship between Default Activity, Amyloid, and Memory},
	volume = {25},
	pages = {7709-7717},
	journal = {Journal of Neuroscience},
	author = {Buckner, R. L.},
	year = {2005},
}

@ARTICLE{suarez_linking_2020,
	title = {Linking Structure and Function in Macroscale Brain Networks},
	volume = {24},
	pages = {302-315},
	journal = {Trends in Cognitive Sciences},
	author = {Suárez, Laura E. and Markello, Ross D. and Betzel, Richard F. and Misic, Bratislav},
	year = {2020-04-01},
}

@ARTICLE{gu_controllability_2015,
	title = {Controllability of structural brain networks},
	volume = {6},
	journal = {Nature Communications},
	author = {Gu, Shi and Pasqualetti, Fabio and Cieslak, Matthew and Telesford, Qawi K. and Yu, Alfred B. and Kahn, Ari E. and Medaglia, John D. and Vettel, Jean M. and Miller, Michael B. and Grafton, Scott T. and Bassett, Danielle S.},
	year = {2015},
	pages = {8414},
}

@ARTICLE{jirsa_derivation_1997,
	title = {A derivation of a macroscopic field theory of the brain from the quasi-microscopic neural dynamics},
	volume = {99},
	pages = {503-526},
	number = {4},
	journal = {Physica D: Nonlinear Phenomena},
	author = {Jirsa, V. K. and Haken, H.},
	year = {1997-01-01},
}

@ARTICLE{robinson_eigenmodes_2016,
	title = {Eigenmodes of brain activity: Neural field theory predictions and comparison with experiment},
	volume = {142},
	pages = {79-98},
	journal = {NeuroImage},
	author = {Robinson, P. A. and Zhao, X. and Aquino, K. M. and Griffiths, J. D. and Sarkar, S. and Mehta-Pandejee, Grishma},
	year = {2016}
}

@ARTICLE{Becker2018,
author = {Becker, Cassiano and Pequito, Sérgio and Pappas, George and Miller, Michael and Grafton, Scott and Bassett, Danielle and Preciado, Victor M.},
volume = {8},
number = {1411},
journal = {Nature Scientific Reports},
publisher = {Springer Nature},
title = {Spectral mapping of brain functional connectivity from diffusion imaging},
year = {2018}
}

@ARTICLE{Nunez1974,
	title = {The brain wave equation: a model for the {EEG}},
	volume = {21},
	pages = {279-297},
	number = {3},
	journal = {Mathematical Biosciences},
	author = {Nunez, Paul L.},
	year = {1974},
}

@ARTICLE{Valdes1999,
	title = {Nonlinear {EEG} analysis based on a neural mass model},
	volume = {81},
	pages = {415-424},
	number = {5},
	journal = {Biological Cybernetics},
	author = {Valdes, P. A. and Jimenez, J. C. and Riera, J. and Biscay, R. and Ozaki, T.},
	year = {1999},
}

@ARTICLE{Meier2016,
author = {Meier, Jil and Tewarie, Prejaas and Hillebrand, Arjan and Douw, Linda and van Dijk, Bob W. and Stufflebeam, Steven M. and Van Mieghem, Piet},
title = {A Mapping Between Structural and Functional Brain Networks},
journal = {Brain Connectivity},
volume = {6},
number = {4},
pages = {298-311},
year = {2016},
}

@ARTICLE{tewarie_how_2019,
	title = {How do spatially distinct frequency specific {MEG} networks emerge from one underlying structural connectome? The role of the structural eigenmodes},
	volume = {186},
	pages = {211-220},
	journal = {NeuroImage},
	author = {Tewarie, Prejaas and Abeysuriya, Romesh and Byrne, Aine and O'Neill, George C. and Sotiropoulos, Stamatios N. and Brookes, Matthew J. and Coombes, Stephen},
	year = {2019},
}

@ARTICLE{Raj2020,
    author = {Raj, Ashish and Cai, Chang and Xie, Xihe and Palacios, Eva and Owen, Julia and Mukherjee, Pratik and Nagarajan, Srikantan},
    title = {Spectral graph theory of brain oscillations},
    journal = {Human Brain Mapping},
    year = {2020},
    volume = {41},
    number = {11},
    pages = {1-19},
}

@ARTICLE{Stewart1999,
author = {Stewart, Ian},
journal = {Nature},
pages = {863-865},
publisher = {Nature Publishing Group},
title = {Holes and hot spots},
volume = {401},
year = {1999}
}

@ARTICLE{preti_decoupling_2019,
	title = {Decoupling of brain function from structure reveals regional behavioral specialization in humans},
	volume = {10},
	journal = {Nature Communications},
	author = {Preti, Maria Giulia and Van De Ville, Dimitri},
	year = {2019},
}

@ARTICLE{Yeo2011,
    author = {Yeo, B T Thomas and Krienen, Fenna M and Sepulcre, Jorge and Sabuncu, Mert R and Lashkari, Danial and Hollinshead, Marisa and Roffman, Joshua L and Smoller, Jordan W and Z{\"{o}}llei, Lilla and Polimeni, Jonathan R and Fischl, Bruce and Liu, Hesheng and Buckner, Randy L},
    doi = {10.1152/jn.00338.2011},
    title = {The organization of the human cerebral cortex estimated by intrinsic functional connectivity.},
    journal = {Journal of neurophysiology},
    pages = {1125-65},
    publisher = {American Physiological Society},
    volume = {106},
    year = {2011}
}

@ARTICLE{Desikan2006,
author = {Desikan, Rahul S. and Segonne, Florent and Fischl, Bruce and Quinn, Brian T. and Dickerson, Bradford C. and Blacker, Deborah and Buckner, Randy L. and Dale, Anders M. and Maguire, R. Paul and Hyman, Bradley T. and Albert, Marilyn S. and Killiany, Ronald J.},
journal = {NeuroImage},
pages = {968-980},
title = {An automated labeling system for subdividing the human cerebral cortex on {MRI} scans into gyral based regions of interest},
volume = {31},
year = {2006}
}

@BOOK{French1971,
  title={Vibrations and Waves},
  author={French, A.P.},
  isbn={9780748744473},
  series={M.I.T. introductory physics series},
  url={https://books.google.com/books?id=RqE26vDmd5wC},
  year={1971},
  publisher={Taylor \& Francis}
}

@ARTICLE{belkin_laplacian_2003,
	title = {Laplacian Eigenmaps for Dimensionality Reduction and Data Representation},
	volume = {15},
	pages = {1373-1396},
	number = {6},
	journal = {Neural Computation},
	author = {Belkin, Mikhail and Niyogi, Partha},
	year = {2003},
}

@ARTICLE{dong_complex_2015,
	title = {Complex Laplacians and Applications in Multi-Agent Systems},
	journal = {arXiv},
	author = {Dong, Jiu-Gang and Qiu, Li},
	year = {2015},
}

@ARTICLE{jiang_brainnetome_2013,
	title = {Brainnetome: a new -ome to understand the brain and its disorders},
	volume = {80},
	pages = {263-272},
	journal = {NeuroImage},
	author = {Jiang, Tianzi},
	year = {2013},
}

@ARTICLE{fornito_connectomics_2015,
	title = {The connectomics of brain disorders},
	volume = {16},
	pages = {159-172},
	number = {3},
	journal = {Nature Reviews. Neuroscience},
	author = {Fornito, Alex and Zalesky, Andrew and Breakspear, Michael},
	year = {2015},
}

@ARTICLE{coan_frequent_2014,
	title = {Frequent seizures are associated with a network of gray matter atrophy in temporal lobe epilepsy with or without hippocampal sclerosis},
	volume = {9},
	pages = {e85843},
	number = {1},
	journal = {PloS One},
	author = {Coan, Ana C. and Campos, Brunno M. and Yasuda, Clarissa L. and Kubota, Bruno Y. and Bergo, Felipe Pg and Guerreiro, Carlos Am and Cendes, Fernando},
	year = {2014},
}


@ARTICLE{rehme_cerebral_2013,
	title = {Cerebral network disorders after stroke: evidence from imaging-based connectivity analyses of active and resting brain states in humans},
	volume = {591},
	pages = {17-31},
	number = {1},
	journal = {The Journal of Physiology},
	author = {Rehme, Anne K. and Grefkes, Christian},
	year = {2013},
}

@ARTICLE{Zimmermann2018,
	title = {Differentiation of Alzheimer's disease based on local and global parameters in personalized Virtual Brain models},
	volume = {19},
	pages = {240-251},
	journal = {NeuroImage: Clinical},
	author = {Zimmermann, J. and Perry, A. and Breakspear, M. and Schirner, M. and Sachdev, P. and Wen, W. and Kochan, N. A. and Mapstone, M. and Ritter, P. and McIntosh, A. R. and Solodkin, A.},
	year = {2018},
}

@ARTICLE{Kuceyeski2016,
	title = {The application of a mathematical model linking structural and functional connectomes in severe brain injury},
	volume = {11},
	journal = {NeuroImage: Clinical},
	author = {Kuceyeski, A. and Shah, S. and Dyke, J. P. and Bickel, S. and Abdelnour, F. and Schiff, N. D. and Voss, H. U. and Raj, A.},
	year = {2016},
	pmid = {27200264},
	pages = {635-647},
}

@ARTICLE{hartman_role_2011,
	title = {The role of nonlinearity in computing graph-theoretical properties of resting-state functional magnetic resonance imaging brain networks},
	volume = {21},
	pages = {013119},
	number = {1},
	journal = {Chaos (Woodbury, N.Y.)},
	author = {Hartman, D. and Hlinka, J. and Palus, M. and Mantini, D. and Corbetta, M.},
	year = {2011},
}

@ARTICLE{hlinka_functional_2011,
	title = {Functional connectivity in resting-state {fMRI}: is linear correlation sufficient?},
	volume = {54},
	pages = {2218-2225},
	number = {3},
	journal = {NeuroImage},
	author = {Hlinka, Jaroslav and Palus, Milan and Vejmelka, Martin and Mantini, Dante and Corbetta, Maurizio},
	year = {2011},
	pmid = {20800096},
	pmcid = {PMC4139498},
}

@ARTICLE{fries_mechanism_2005,
	title = {A mechanism for cognitive dynamics: neuronal communication through neuronal coherence},
	volume = {9},
	pages = {474-480},
	number = {10},
	journal = {Trends in Cognitive Sciences},
	author = {Fries, Pascal},
	year = {2005},
}


@ARTICLE{schnitzler_normal_2005,
	title = {Normal and pathological oscillatory communication in the brain},
	volume = {6},
	pages = {285-296},
	number = {4},
	journal = {Nature Reviews Neuroscience},
	author = {Schnitzler, Alfons and Gross, Joachim},
	year = {2005-04},
}


@ARTICLE{varela_brainweb_2001,
	title = {The brainweb: Phase synchronization and large-scale integration},
	volume = {2},
	pages = {229-239},
	number = {4},
	journal = {Nature Reviews Neuroscience},
	author = {Varela, Francisco and Lachaux, Jean-Philippe and Rodriguez, Eugenio and Martinerie, Jacques},
	year = {2001-04},
	langid = {english},
	note = {Number: 4
Publisher: Nature Publishing Group},
}

@ARTICLE{Deco2009,
	title = {Key role of coupling, delay, and noise in resting brain fluctuations},
	volume = {106},
	pages = {10302-10307},
	number = {25},
	journal = {Proceedings of the National Academy of Sciences},
	author = {Deco, G. and Jirsa, V. and {McIntosh}, A. R. and Sporns, O. and Kotter, R.},
	year = {2009},
}

@ARTICLE{Ghosh2008,
	title = {Noise during rest enables the exploration of the brain's dynamic repertoire},
	volume = {4},
	number = {10},
	journal = {PLoS Computational Biology},
	author = {Ghosh, Anandamohan and Rho, Y. and {McIntosh}, A. R. and Kötter, R. and Jirsa, V. K.},
	year = {2008},
}

@ARTICLE{Honey2007,
	title = {Network structure of cerebral cortex shapes functional connectivity on multiple time scales.},
	volume = {104},
	pages = {10240-10245},
	number = {24},
	journal = {Proceedings of the National Academy of Sciences},
	author = {Honey, Christopher J and Kötter, Rolf and Breakspear, Michael and Sporns, Olaf},
	year = {2007},
}

@ARTICLE{fields_new_2015,
	title = {A new mechanism of nervous system plasticity: activity-dependent myelination},
	volume = {16},
	issn = {1471-0048},
	url = {https://www.nature.com/articles/nrn4023},
	doi = {10.1038/nrn4023},
	pages = {756-767},
	number = {12},
	journal = {Nature Reviews Neuroscience},
	author = {Fields, R. Douglas},
	year = {2015-12},
}

@ARTICLE{arancibia-carcamo_node_2017,
	title = {Node of Ranvier length as a potential regulator of myelinated axon conduction speed},
	volume = {6},
	pages = {e23329},
	journal = {{eLife}},
	author = {Arancibia-Cárcamo, I Lorena and Ford, Marc C and Cossell, Lee and Ishida, Kinji and Tohyama, Koujiro and Attwell, David},
	year = {2017},
}

@ARTICLE{Jirsa2010,
	title = {Towards the virtual brain: Network modeling of the intact and the damaged brain},
	volume = {148},
	pages = {189-205},
	journal = {Archives Italiennes de Biologie},
	author = {Jirsa, V. K. and Sporns, O. and Breakspear, M. and Deco, G. and Mcintosh, A. R.},
	year = {2010},
}

@ARTICLE{cabral_modeling_2012,
	title = {Modeling the outcome of structural disconnection on resting-state functional connectivity},
	volume = {62},
	pages = {1342-1353},
	number = {3},
	journal = {NeuroImage},
	author = {Cabral, Joana and Hugues, Etienne and Kringelbach, Morten L. and Deco, Gustavo},
	year = {2012},
}

@ARTICLE{fox_human_2005,
	title = {The human brain is intrinsically organized into dynamic, anticorrelated functional networks},
	volume = {102},
	pages = {9673-9678},
	journal = {Proceedings of the National Academy of Sciences},
	author = {Fox, Michael D. and Snyder, Abraham Z. and Vincent, Justin L. and Corbetta, Maurizio and Essen, David C. Van and Raichle, Marcus E.},
	year = {2005},
}

@ARTICLE{stam_relation_2016,
	title = {The relation between structural and functional connectivity patterns in complex brain networks},
	volume = {103},
	pages = {149-160},
	journal = {International Journal of Psychophysiology},
	author = {Stam, C. J. and van Straaten, E. C. W. and Van Dellen, E. and Tewarie, P. and Gong, G. and Hillebrand, A. and Meier, J. and Van Mieghem, P.},
	year = {2016},
}

@ARTICLE{alexander-bloch_anatomical_2013,
	title = {The Anatomical Distance of Functional Connections Predicts Brain Network Topology in Health and Schizophrenia},
	volume = {23},
	pages = {127-138},
	number = {1},
	journal = {Cerebral Cortex (New York, NY)},
	author = {Alexander-Bloch, Aaron F. and Vértes, Petra E. and Stidd, Reva and Lalonde, François and Clasen, Liv and Rapoport, Judith and Giedd, Jay and Bullmore, Edward T. and Gogtay, Nitin},
	year = {2013-01},
}

@ARTICLE{deslauriers2020,
  title={A unified framework for multimodal structure-function mapping based on eigenmodes},
  author={Deslauriers-Gauthier, Samuel and Zucchelli, M and Frigo, M and Deriche, Rachid},
  journal={Medical Image Analysis},
  volume={66},
  pages={101799},
  year={2020},
  publisher={Elsevier}
}

@ARTICLE{tewarie2020,
  title={Mapping functional brain networks from the structural connectome: Relating the series expansion and eigenmode approaches},
  author={Tewarie, Prejaas and Prasse, B and Meier, JM and Santos, F and Douw, L and Schoonheim, MM and Stam, CJ and  5 Van Mieghem, P and Hillebrand, A},
  journal={Neuroimage},
  volume={216},
  pages={116805},
  year={2020},
  publisher={Elsevier}
}

@ARTICLE{seeley_dissociable_2007,
	title = {Dissociable Intrinsic Connectivity Networks for Salience Processing and Executive Control},
	volume = {27},
	pages = {2349-2356},
	journal = {Journal of Neuroscience},
	author = {Seeley, William W. and Menon, Vinod and Schatzberg, Alan F. and Keller, Jennifer and Glover, Gary H. and Kenna, Heather and Reiss, Allan L. and Greicius, Michael D.},
	year = {2007},
}

@ARTICLE{stephan_nonlinear_2008,
	title = {Nonlinear dynamic causal models for fMRI},
	volume = {42},
	pages = {649-662},
	number = {2},
	journal = {NeuroImage},
	author = {Stephan, Klaas E and Kasper, Lars and Harrison, Lee M and Daunizeau, Jean and den Ouden, Hanneke E M and Breakspear, Michael and Friston, Karl J},
	year = {2008},
}

@ARTICLE{vazquez-rodriguez_gradients_2019,
	title = {Gradients of structure–function tethering across neocortex},
	pages = {201903403},
	journal = {Proceedings of the National Academy of Sciences},
	author = {Vázquez-Rodríguez, Bertha and Suárez, Laura E. and Markello, Ross D. and Shafiei, Golia and Paquola, Casey and Hagmann, Patric and Heuvel, Martijn P. van den and Bernhardt, Boris C. and Spreng, R. Nathan and Misic, Bratislav},
	year = {2019},
}

@ARTICLE{huntenburg_large-scale_2018,
	title = {Large-Scale Gradients in Human Cortical Organization},
	volume = {22},
	pages = {21-31},
	number = {1},
	journal = {Trends in Cognitive Sciences},
	author = {Huntenburg, Julia M. and Bazin, Pierre-Louis and Margulies, Daniel S.},
	year = {2018},
}

@ARTICLE{buckner_macroscale_2019,
	title = {Macroscale cortical organization and a default-like apex transmodal network in the marmoset monkey},
	volume = {10},
	pages = {1976},
	number = {1},
	journal = {Nature Communications},
	author = {Buckner, Randy L. and Margulies, Daniel S.},
	year = {2019},
}

@ARTICLE{sepulcre_stepwise_2012,
	title = {Stepwise Connectivity of the Modal Cortex Reveals the Multimodal Organization of the Human Brain},
	volume = {32},
	pages = {10649-10661},
	number = {31},
	journal = {Journal of Neuroscience},
	author = {Sepulcre, Jorge and Sabuncu, Mert R. and Yeo, Thomas B. and Liu, Hesheng and Johnson, Keith A.},
	year = {2012},
}

@ARTICLE{margulies_situating_2016,
	title = {Situating the default-mode network along a principal gradient of macroscale cortical organization},
	volume = {113},
	pages = {12574-12579},
	number = {44},
	journal = {Proceedings of the National Academy of Sciences},
	author = {Margulies, Daniel S. and Ghosh, Satrajit S. and Goulas, Alexandros and Falkiewicz, Marcel and Huntenburg, Julia M. and Langs, Georg and Bezgin, Gleb and Eickhoff, Simon B. and Castellanos, F. Xavier and Petrides, Michael and Jefferies, Elizabeth and Smallwood, Jonathan},
	year = {2016},
}

@ARTICLE{Wales1997,
author = {Wales, David J. and Doye, Jonathan P.K.},
journal = {Journal of Physical Chemistry A},
pages = {5111-5116},
publisher = {American Chemical Society},
title = {Global optimization by basin-hopping and the lowest energy structures of Lennard-Jones clusters containing up to 110 atoms},
volume = {101},
year = {1997}
}

@ARTICLE{McNab2013,
author = {McNab, Jennifer A. and Edlow, Brian L. and Witzel, Thomas and Huang, Susie Y. and Bhat, Himanshu and Heberlein, Keith and Feiweier, Thorsten and Liu, Kecheng and Keil, Boris and Cohen-Adad, Julien and Tisdall, M. Dylan and Folkerth, Rebecca D. and Kinney, Hannah C. and Wald, Lawrence L.},
journal = {NeuroImage},
title = {The Human Connectome Project and beyond: Initial applications of 300mT/m gradients},
year = {2013}
}

@ARTICLE{Fischl2012,
author = {Fischl, Bruce},
journal = {NeuroImage},
pages = {774-781},
title = {FreeSurfer},
volume = {62},
year = {2012}
}
% % % % % % % % % % % % % % % % % % % % % % % % % % % % % % %% % % % % % %

% SGM %:

@article{hagmann_mapping_2008,
	title = {Mapping the Structural Core of Human Cerebral Cortex},
	volume = {6},
	issn = {1545-7885},
	doi = {10.1371/journal.pbio.0060159},
	number = {7},
	journal = {PLOS Biology},
	author = {Hagmann, Patric and Cammoun, Leila and Gigandet, Xavier and Meuli, Reto and Honey, Christopher J. and Wedeen, Van J. and Sporns, Olaf},
	month = jul,
	year = {2008},
	pages = {e159},
}

@article{iturria-medina_anatomical_2013,
	title = {Anatomical brain networks on the prediction of abnormal brain States},
	volume = {3},
	issn = {2158-0022},
	doi = {10.1089/brain.2012.0122},
	number = {1},
	journal = {Brain connectivity},
	author = {Iturria-Medina, Yasser},
	month = jan,
	year = {2013},
	pages = {1--21},
}

@article{honey_predicting_2009,
	title = {Predicting human resting-state functional connectivity from structural connectivity},
	volume = {106},
	issn = {0027-8424, 1091-6490},
	doi = {10.1073/pnas.0811168106},
	number = {6},
	journal = {Proceedings of the National Academy of Sciences},
	author = {Honey, C. J. and Sporns, O. and Cammoun, L. and Gigandet, X. and Thiran, J. P. and Meuli, R. and Hagmann, P.},
	month = feb,
	year = {2009},
	pages = {2035--2040},
}

@article{freeman_simulated_2009,
	title = {Simulated power spectral density (PSD) of background electrocorticogram (ECoG)},
	volume = {3},
	issn = {1871-4080},
	doi = {10.1007/s11571-008-9064-y},
	number = {1},
	journal = {Cognitive Neurodynamics},
	author = {Freeman, Walter J. and Zhai, Jian},
	month = mar,
	year = {2009},
	pages = {97--103},
}

@article{liley_alpha_1999,
	title = {Alpha rhythm emerges from large-scale networks of realistically coupled multicompartmental model cortical neurons},
	volume = {10},
	issn = {0954-898X},
	doi = {10.1088/0954-898X/10/1/005},
	number = {1},
	journal = {Network-Computation In Neural Systems},
	author = {Liley, D T J and Alexander, D M and Wright, J J and Aldous, M D},
	year = {1999},
	pages = {79--92},
}

@article{roland_tracing_2014,
	title = {Tracing evolution of spatio-temporal dynamics of the cerebral cortex: cortico-cortical communication dynamics},
	volume = {8},
	issn = {1662-5137},
	doi = {10.3389/fnsys.2014.00076},
	urldate = {2021-09-10},
	journal = {Frontiers in Systems Neuroscience},
	author = {Roland, Per E. and Hilgetag, Claus C. and Deco, Gustavo},
	year = {2014},
	pages = {76},
}

@article{markounikau_dynamic_2010,
	title = {A Dynamic Neural Field Model of Mesoscopic Cortical Activity Captured with Voltage-Sensitive Dye Imaging},
	volume = {6},
	issn = {1553-7358},
	doi = {10.1371/journal.pcbi.1000919},
	language = {en},
	number = {9},
	journal = {PLOS Computational Biology},
	author = {Markounikau, Valentin and Igel, Christian and Grinvald, Amiram and Jancke, Dirk},
	month = sep,
	year = {2010},
	pages = {e1000919},
}

@article{schaffer_complex-valued_2013,
	title = {A Complex-Valued Firing-Rate Model That Approximates the Dynamics of Spiking Networks},
	volume = {9},
	issn = {1553-7358},
	doi = {10.1371/journal.pcbi.1003301},
	language = {en},
	number = {10},
	journal = {PLOS Computational Biology},
	author = {Schaffer, Evan S. and Ostojic, Srdjan and Abbott, L. F.},
	month = oct,
	year = {2013},
	pages = {e1003301},
}

@article{markram_blue_2006,
	title = {The {Blue} {Brain} {Project}},
	volume = {7},
	issn = {1471-0048},
	doi = {10.1038/nrn1848},
	number = {2},
	journal = {Nature Reviews Neuroscience},
	author = {Markram, Henry},
	month = feb,
	year = {2006},
	pages = {153--160},
}

@article{markram_reconstruction_2015,
	title = {Reconstruction and Simulation of Neocortical Microcircuitry},
	volume = {163},
	issn = {0092-8674, 1097-4172},
	doi = {10.1016/j.cell.2015.09.029},
	number = {2},
	journal = {Cell},
	author = {Markram, Henry and Muller, Eilif and Ramaswamy, Srikanth and Reimann, Michael W. and Abdellah, Marwan and Sanchez, Carlos Aguado and Ailamaki, Anastasia and Alonso-Nanclares, Lidia and Antille, Nicolas and Arsever, Selim and Kahou, Guy Antoine Atenekeng and Berger, Thomas K. and Bilgili, Ahmet and Buncic, Nenad and Chalimourda, Athanassia and Chindemi, Giuseppe and Courcol, Jean-Denis and Delalondre, Fabien and Delattre, Vincent and Druckmann, Shaul and Dumusc, Raphael and Dynes, James and Eilemann, Stefan and Gal, Eyal and Gevaert, Michael Emiel and Ghobril, Jean-Pierre and Gidon, Albert and Graham, Joe W. and Gupta, Anirudh and Haenel, Valentin and Hay, Etay and Heinis, Thomas and Hernando, Juan B. and Hines, Michael and Kanari, Lida and Keller, Daniel and Kenyon, John and Khazen, Georges and Kim, Yihwa and King, James G. and Kisvarday, Zoltan and Kumbhar, Pramod and Lasserre, Sébastien and Le Bé, Jean-Vincent and Magalhães, Bruno R. C. and Merchán-Pérez, Angel and Meystre, Julie and Morrice, Benjamin Roy and Muller, Jeffrey and Muñoz-Céspedes, Alberto and Muralidhar, Shruti and Muthurasa, Keerthan and Nachbaur, Daniel and Newton, Taylor H. and Nolte, Max and Ovcharenko, Aleksandr and Palacios, Juan and Pastor, Luis and Perin, Rodrigo and Ranjan, Rajnish and Riachi, Imad and Rodríguez, José-Rodrigo and Riquelme, Juan Luis and Rössert, Christian and Sfyrakis, Konstantinos and Shi, Ying and Shillcock, Julian C. and Silberberg, Gilad and Silva, Ricardo and Tauheed, Farhan and Telefont, Martin and Toledo-Rodriguez, Maria and Tränkler, Thomas and Van Geit, Werner and Díaz, Jafet Villafranca and Walker, Richard and Wang, Yun and Zaninetta, Stefano M. and DeFelipe, Javier and Hill, Sean L. and Segev, Idan and Schürmann, Felix},
	month = oct,
	year = {2015},
	pages = {456--492},
}

@article{izhikevich_large-scale_2008,
	title = {Large-scale model of mammalian thalamocortical systems},
	volume = {105},
	copyright = {© 2008 by The National Academy of Sciences of the USA},
	issn = {0027-8424, 1091-6490},
	doi = {10.1073/pnas.0712231105},
	number = {9},
	journal = {Proceedings of the National Academy of Sciences},
	author = {Izhikevich, Eugene M. and Edelman, Gerald M.},
	month = mar,
	year = {2008},pages = {3593--3598},
}

@article{potjans_cell-type_2014,
	title = {The cell-type specific cortical microcircuit: relating structure and activity in a full-scale spiking network model},
	volume = {24},
	issn = {1460-2199},
	doi = {10.1093/cercor/bhs358},
	number = {3},
	journal = {Cerebral Cortex (New York, N.Y.: 1991)},
	author = {Potjans, Tobias C. and Diesmann, Markus},
	month = mar,
	year = {2014},pages = {785--806},
}

@article{shimizu_co-operative_1983,
	title = {Co-operative dynamics in organelles},
	volume = {104},
	issn = {0022-5193},
	doi = {10.1016/0022-5193(83)90414-9},
	number = {2},
	urldate = {2021-09-10},
	journal = {Journal of Theoretical Biology},
	author = {Shimizu, H. and Haken, H.},
	month = sep,
	year = {1983},
	pages = {261--273},
}

@article{misic_communication_2014,
	title = {Communication Efficiency and Congestion of Signal Traffic in Large-Scale Brain Networks},
	volume = {10},
	issn = {1553734X},
	doi = {10.1371/journal.pcbi.1003427},
	number = {1},
	journal = {PLoS Computational Biology},
	author = {Mišić, Bratislav and Sporns, Olaf and McIntosh, Anthony R.},
	year = {2014},}

@article{misic_cooperative_2015,
	title = {Cooperative and Competitive Spreading Dynamics on the Human Connectome},
	volume = {86},
	issn = {10974199},
	doi = {10.1016/j.neuron.2015.05.035},
	number = {6},
	journal = {Neuron},
	author = {Mišić, Bratislav and Betzel, Richard F. and Nematzadeh, Azadeh and Goñi, Joaquin and Griffa, Alessandra and Hagmann, Patric and Flammini, Alessandro and Ahn, Yong Yeol and Sporns, Olaf},
	year = {2015},
	pages = {1518--1529},
}

@article{robinson_multiscale_2005,
	title = {Multiscale brain modelling.},
	volume = {360},
	issn = {0962-8436},
	doi = {10.1098/rstb.2005.1638},
	number = {1457},
	journal = {Philosophical transactions of the Royal Society of London. Series B, Biological sciences},
	author = {Robinson, P a and Rennie, C J and Rowe, D L and O'Connor, S C and Gordon, E and Connor, S C O and Gordon, E},
	year = {2005},
	pages = {1043--50},
}

@article{destexhe_wilson-cowan_2009,
	title = {The Wilson-Cowan model, 36 years later},
	volume = {101},
	issn = {03401200},
	doi = {10.1007/s00422-009-0328-3},
	number = {1},
	journal = {Biological Cybernetics},
	author = {Destexhe, Alain and Sejnowski, Terrence J.},
	year = {2009},
	pages = {1-2},
}

@article{abdelnour_network_2014,
	title = {Network diffusion accurately models the relationship between structural and functional brain connectivity networks},
	volume = {90},
	issn = {10538119},
	doi = {10.1016/j.neuroimage.2013.12.039},
	journal = {NeuroImage},
	author = {Abdelnour, Farras and Voss, Henning U. and Raj, Ashish},
	year = {2014},
	pages = {335--347},
}

@inproceedings{abdelnour_estimating_2015,
	title = {Estimating function from structure in epileptics using graph diffusion model},
	doi = {10.1109/ISBI.2015.7163912},
	booktitle = {2015 IEEE 12th International Symposium on Biomedical Imaging (ISBI)},
	author = {Abdelnour, F and Raj, A and Dayan, M and Devinsky, O and Thesen, T},
	month = apr,
	year = {2015},
	issn = {1945-8452},
	pages = {466--469},
}

@article{Nakagawa2014,
	title = {How delays matter in an oscillatory whole-brain spiking-neuron network model for {MEG} alpha-rhythms at rest.},
	volume = {87},
	issn = {1095-9572},
	url = {http://www.ncbi.nlm.nih.gov/pubmed/24246492},
	doi = {10.1016/j.neuroimage.2013.11.009},
	journal = {NeuroImage},
	author = {Nakagawa, Tristan T and Woolrich, Mark and Luckhoo, Henry and Joensson, Morten and Mohseni, Hamid and Kringelbach, Morten L and Jirsa, Viktor and Deco, Gustavo},
	month = feb,
	year = {2014},
	pages = {383--94},
}

@article{jirsa_spatiotemporal_2002,
	title = {Spatiotemporal forward solution of the EEG and MEG using network modeling},
	volume = {21},
	issn = {1558-254X},
	doi = {10.1109/TMI.2002.1009385},
	number = {5},
	journal = {IEEE Transactions on Medical Imaging},
	author = {Jirsa, V.K. and Jantzen, K.J. and Fuchs, A. and Kelso, J.A.S.},
	month = may,
	year = {2002},
	pages = {493--504},
}

@article{Deco2012,
	title = {How anatomy shapes dynamics: a semi-analytical study of the brain at rest by a simple spin model.},
	volume = {6},
	issn = {1662-5188},
	doi = {10.3389/fncom.2012.00068},
	journal = {Frontiers in computational neuroscience},
	author = {Deco, Gustavo and Senden, Mario and Jirsa, Viktor},
	month = jan,
	year = {2012},
	pages = {68},
}

@article{achard_resilient_2006,
	title = {A resilient, low-frequency, small-world human brain functional network with highly connected association cortical hubs.},
	volume = {26},
	issn = {1529-2401},
	doi = {10.1523/JNEUROSCI.3874-05.2006},
	number = {1},
	journal = {The Journal of neuroscience : the official journal of the Society for Neuroscience},
	author = {Achard, Sophie and Salvador, Raymond and Whitcher, Brandon and Suckling, John and Bullmore, Ed},
	month = jan,
	year = {2006},
	pages = {63--72},
}

@article{bullmore_complex_2009,
	title = {Complex brain networks: graph theoretical analysis of structural and functional systems},
	volume = {10},
	issn = {1471-0048},
	shorttitle = {Complex brain networks},
	url = {https://www.nature.com/articles/nrn2575},
	doi = {10.1038/nrn2575},
	number = {3},
	journal = {Nature Reviews Neuroscience},
	author = {Bullmore, Ed and Sporns, Olaf},
	month = mar,
	year = {2009},
	pages = {186--198},
}

@article{strogatz_exploring_2001,
	title = {Exploring complex networks.},
	volume = {410},
	issn = {0028-0836},
	doi = {10.1038/35065725},
	number = {6825},
	journal = {Nature},
	author = {Strogatz, Steven H.},
	month = mar,
	year = {2001},
	pages = {268--76},
}

@article{van_den_heuvel_functionally_2009,
	title = {Functionally linked resting-state networks reflect the underlying structural connectivity architecture of the human brain},
	volume = {30},
	issn = {1097-0193},
	doi = {10.1002/hbm.20737},
	number = {10},
	journal = {Human Brain Mapping},
	author = {van den Heuvel, Martijn P. and Mandl, René C. W. and Kahn, René S. and Hulshoff Pol, Hilleke E.},
	month = oct,
	year = {2009},
	pages = {3127--3141},
}

@article{hermundstad_structural_2013,
	title = {Structural foundations of resting-state and task-based functional connectivity in the human brain},
	volume = {110},
	issn = {1091-6490},
	doi = {10.1073/pnas.1219562110},	number = {15},
	journal = {Proceedings of the National Academy of Sciences of the United States of America},
	author = {Hermundstad, Ann M. and Bassett, Danielle S. and Brown, Kevin S. and Aminoff, Elissa M. and Clewett, David and Freeman, Scott and Frithsen, Amy and Johnson, Arianne and Tipper, Christine M. and Miller, Michael B. and Grafton, Scott T. and Carlson, Jean M.},
	month = apr,
	year = {2013},
	pages = {6169-6174},
}

@article{rubinov_symbiotic_2009,
	title = {Symbiotic relationship between brain structure and dynamics},
	volume = {10},
	issn = {1471-2202},
	doi = {10.1186/1471-2202-10-55},
	number = {1},
	journal = {BMC Neuroscience},
	author = {Rubinov, Mikail and Sporns, Olaf and van Leeuwen, Cees and Breakspear, Michael},
	month = jun,
	year = {2009},
	pages = {55},
}

@article{ghosh_cortical_2008,
	title = {Cortical network dynamics with time delays reveals functional connectivity in the resting brain},
	volume = {2},
	issn = {1871-4099},
	doi = {10.1007/s11571-008-9044-2},
	number = {2},
	journal = {Cognitive Neurodynamics},
	author = {Ghosh, A. and Rho, Y. and McIntosh, A. R. and Kötter, R. and Jirsa, V. K.},
	month = apr,
	year = {2008},
	pages = {115},
}

@article{Abdelnour2018,
	title = {Functional brain connectivity is predictable from anatomic network's Laplacian eigen-structure},
	volume = {172},
	issn = {10959572},
	doi = {10.1016/j.neuroimage.2018.02.016},
	journal = {NeuroImage},
	author = {Abdelnour, Farras and Dayan, Michael and Devinsky, Orrin and Thesen, Thomas and Raj, Ashish},
	year = {2018},
	pages = {728--739},
}

@article{park_structural_2013,
	title = {Structural and functional brain networks: from connections to cognition},
	volume = {342},
	issn = {1095-9203},
	doi = {10.1126/science.1238411},
	number = {6158},
	journal = {Science (New York, N.Y.)},
	author = {Park, Hae-Jeong and Friston, Karl},
	month = nov,
	year = {2013},
	pages = {1238411},
}

@article{he_temporal_2010,
	title = {The temporal structures and functional significance of scale-free brain activity},
	volume = {66},
	issn = {1097-4199},
	doi = {10.1016/j.neuron.2010.04.020},
	number = {3},
	journal = {Neuron},
	author = {He, Biyu J. and Zempel, John M. and Snyder, Abraham Z. and Raichle, Marcus E.},
	month = may,
	year = {2010},
	pages = {353-369},
}

@article{el_boustani_master_2009,
	title = {A master equation formalism for macroscopic modeling of asynchronous irregular activity states},
	volume = {21},
	issn = {0899-7667},
	doi = {10.1162/neco.2009.02-08-710},
	number = {1},
	journal = {Neural computation},
	author = {El Boustani, Sami and Destexhe, Alain},
	year = {2009},
	pages = {46-100},
}

@article{wilson_mathematical_1973,
	title = {A mathematical theory of the functional dynamics of cortical and thalamic nervous tissue},
	volume = {13},
	issn = {0023-5946},
	doi = {10.1007/BF00288786},
	number = {2},
	journal = {Kybernetik},
	author = {Wilson, H. R. and Cowan, J. D.},
	month = sep,
	year = {1973},
	pages = {55--80},
}

@article{david_neural_2003,
	title = {A neural mass model for MEG/EEG: coupling and neuronal dynamics},
	volume = {20},
	issn = {1053-8119},
	doi = {10.1016/j.neuroimage.2003.07.015},
	number = {3},
	journal = {NeuroImage},
	author = {David, Olivier and Friston, Karl J.},
	month = nov,
	year = {2003},
	pages = {1743--1755},
}

@book{larsen_medical_2006,
	address = {Berlin, Heidelberg},
	title = {Medical Image Computing and Computer-Assisted Intervention – MICCAI 2006},
	volume = {4191},
	isbn = {978-3-540-44727-6},
	publisher = {Springer Berlin Heidelberg},
	author = {Larsen, Rasmus and Nielsen, Mads and Sporring, Jon and Zhang, Fan and Hancock, Edwin},
	year = {2006},
	doi = {10.1007/11866763},
}

@INPROCEEDINGS{Kondor02diffusionkernels,
    author = {Risi Imre Kondor and John Lafferty},
    title = {Diffusion kernels on graphs and other discrete structures},
    booktitle = {In Proceedings of the ICML},
    year = {2002},
    pages = {315--322}
}

@article{auffarth_spectral_2007,
	title = {Spectral graph clustering},
	journal = {Universitat de Barcelona, course report for},
	author = {Auffarth, Benjamin},
	year = {2007},
	pages = {1--12},
}

@INPROCEEDINGS{Ng01onspectral,
    author = {Andrew Y. Ng and Michael I. Jordan and Yair Weiss},
    title = {On Spectral Clustering: Analysis and an algorithm},
    booktitle = {ADVANCES IN NEURAL INFORMATION PROCESSING SYSTEMS },
    year = {2001},
    pages = {849--856},
    publisher = {MIT Press}
}

@article{galan_how_2008,
	title = {On {How} {Network} {Architecture} {Determines} the {Dominant} {Patterns} of {Spontaneous} {Neural} {Activity}},
	volume = {3},
	issn = {1932-6203},
	doi = {10.1371/journal.pone.0002148},
	number = {5},
	journal = {PLOS ONE},
	author = {Galán, Roberto F.},
	month = may,
	year = {2008},
	pages = {e2148},
}

@article{goni_resting-brain_2014,
	title = {Resting-brain functional connectivity predicted by analytic measures of network communication},
	volume = {111},
	issn = {0027-8424, 1091-6490},
	doi = {10.1073/pnas.1315529111},
	number = {2},
	urldate = {2020-08-18},
	journal = {Proceedings of the National Academy of Sciences},
	author = {Goñi, Joaquín and Heuvel, Martijn P. van den and Avena-Koenigsberger, Andrea and Mendizabal, Nieves Velez de and Betzel, Richard F. and Griffa, Alessandra and Hagmann, Patric and Corominas-Murtra, Bernat and Thiran, Jean-Philippe and Sporns, Olaf},
	month = jan,
	year = {2014},
	pages = {833--838},
}

@article{wang_brain_2017,
	title = {Brain network eigenmodes provide a robust and compact representation of the structural connectome in health and disease},
	volume = {13},
	issn = {1553-7358},
	doi = {10.1371/journal.pcbi.1005550},
	number = {6},
	journal = {PLOS Computational Biology},
	author = {Wang, Maxwell B. and Owen, Julia P. and Mukherjee, Pratik and Raj, Ashish},
	month = jun,
	year = {2017},
	pages = {e1005550},
}

@article{Atasoy2016,
	title = {Human brain networks function in connectome-specific harmonic waves},
	volume = {7},
	issn = {2041-1723},
	doi = {10.1038/ncomms10340},
	number = {1},
	journal = {Nature Communications},
	author = {Atasoy, Selen and Donnelly, Isaac and Pearson, Joel},
	month = apr,
	year = {2016},
	pages = {10340},
}

@article{abdelnour_relating_2015,
	title = {Relating Cortical Atrophy in Temporal Lobe Epilepsy with Graph Diffusion-Based Network Models},
	volume = {11},
	issn = {1553-7358},
	doi = {10.1371/journal.pcbi.1004564},
	number = {10},
	journal = {PLOS Computational Biology},
	author = {Abdelnour, Farras and Mueller, Susanne and Raj, Ashish},
	month = oct,
	year = {2015},
	pages = {e1004564},
}

@article{abdelnour_network_2016,
	title = {Network Analysis on Predicting Mean Diffusivity Change at Group Level in Temporal Lobe Epilepsy},
	volume = {6},
	issn = {2158-0014},
	doi = {10.1089/brain.2015.0381},
	number = {8},
	journal = {Brain Connectivity},
	author = {Abdelnour, Farras and Raj, Ashish and Devinsky, Orrin and Thesen, Thomas},
	month = oct,
	year = {2016},
	pages = {607--620},
}

@article{raj_network_2012,
	title = {A network diffusion model of disease progression in dementia},
	volume = {73},
	issn = {1097-4199},
	doi = {10.1016/j.neuron.2011.12.040},
	number = {6},
	journal = {Neuron},
	author = {Raj, Ashish and Kuceyeski, Amy and Weiner, Michael},
	month = mar,
	year = {2012},
	pages = {1204--1215},
}

@article{ferezou_spatiotemporal_2007,
	title = {Spatiotemporal {Dynamics} of {Cortical} {Sensorimotor} {Integration} in {Behaving} {Mice}},
	volume = {56},
	issn = {0896-6273},
	doi = {10.1016/j.neuron.2007.10.007},
	number = {5},
	journal = {Neuron},
	author = {Ferezou, Isabelle and Haiss, Florent and Gentet, Luc J. and Aronoff, Rachel and Weber, Bruno and Petersen, Carl C. H.},
	month = dec,
	year = {2007},
	pages = {907--923},
}

@article{polack_long-range_2012,
	title = {Long-{Range} {Parallel} {Processing} and {Local} {Recurrent} {Activity} in the {Visual} {Cortex} of the {Mouse}},
	volume = {32},
	issn = {0270-6474},
	doi = {10.1523/JNEUROSCI.6304-11.2012},
	number = {32},
	journal = {The Journal of Neuroscience},
	author = {Polack, Pierre-Olivier and Contreras, Diego},
	month = aug,
	year = {2012},
	pages = {11120--11131},
}

@article{Fischl2002,
	title = {Whole Brain Segmentation: Automated Labeling of Neuroanatomical Structures in theHuman Brain},
	volume = {33},
	journal = {Neuron},
	author = {Fischl, Bruce and Salat, David H and Busa, Evelina and Albert, Marilyn and Dieterich, Megan and Haselgrove, Christian and Kouwe, Andre Van Der and Killiany, Ron and Kennedy, David and Klaveness, Shuna and Montillo, Albert and Makris, Nikos and Rosen, Bruce and Dale, Anders M},
	year = {2002},
	pages = {341--355},
}

@article{owen_structural_2013,
	title = {The structural connectome of the human brain in agenesis of the corpus callosum},
	volume = {70},
	issn = {1053-8119},
	doi = {10.1016/j.neuroimage.2012.12.031},
	journal = {NeuroImage},
	author = {Owen, Julia P. and Li, Yi-Ou and Ziv, Etay and Strominger, Zoe and Gold, Jacquelyn and Bukhpun, Polina and Wakahiro, Mari and Friedman, Eric J. and Sherr, Elliott H. and Mukherjee, Pratik},
	month = apr,
	year = {2013},
	pages = {340--355},
}

@article{Jenkinson2012,
	title = {FSL},
	volume = {62},
	issn = {1053-8119},
	doi = {10.1016/J.NEUROIMAGE.2011.09.015},
	number = {2},
	journal = {NeuroImage},
	author = {Jenkinson, Mark and Beckmann, Christian F. and Behrens, Timothy E.J. and Woolrich, Mark W. and Smith, Stephen M.},
	month = aug,
	year = {2012},
	pages = {782--790},
}

@article{dalal_nutmeg_2004,
	title = {NUTMEG: a neuromagnetic source reconstruction toolbox.},
	volume = {2004},
	issn = {1526-8748},
	doi = {10.1016/j.biotechadv.2011.08.021.Secreted},
	journal = {Neurology \& clinical neurophysiology : NCN},
	author = {Dalal, S S and Zumer, J M and Agrawal, V and Hild, K E and Sekihara, K and Nagarajan, S S},
	year = {2004},
	pages = {52},
}

@article{wipf_robust_2010,
	title = {Robust {Bayesian} estimation of the location, orientation, and time course of multiple correlated neural sources using {MEG}},
	volume = {49},
	issn = {1053-8119},
	doi = {10.1016/j.neuroimage.2009.06.083},
	language = {en},
	number = {1},
	journal = {NeuroImage},
	author = {Wipf, David P. and Owen, Julia P. and Attias, Hagai T. and Sekihara, Kensuke and Nagarajan, Srikantan S.},
	month = jan,
	year = {2010},
	pages = {641--655},
}

@article{zumer_probabilistic_2008,
	title = {Probabilistic algorithms for MEG/EEG source reconstruction using temporal basis functions learned from data},
	volume = {41},
	issn = {1053-8119},
	doi = {10.1016/j.neuroimage.2008.02.006},
	number = {3},
	journal = {NeuroImage},
	author = {Zumer, Johanna M. and Attias, Hagai T. and Sekihara, Kensuke and Nagarajan, Srikantan S.},
	month = jul,
	year = {2008},
	pages = {924--940},
}

@article{jerbi_localization_2004,
	title = {Localization of realistic cortical activity in MEG using current multipoles},
	volume = {22},
	issn = {1053-8119},
	url = {https://www.sciencedirect.com/science/article/pii/S1053811904001028},
	doi = {10.1016/j.neuroimage.2004.02.010},
	number = {2},
	journal = {NeuroImage},
	author = {Jerbi, K. and Baillet, S. and Mosher, J. C. and Nolte, G. and Garnero, L. and Leahy, R. M.},
	month = jun,
	year = {2004},
	pages = {779--793},
}

@article{muldoon_stimulation-based_2016,
	title = {Stimulation-Based Control of Dynamic Brain Networks},
	volume = {12},
	doi = {10.1371/journal.pcbi.1005076},
	number = {9},
	journal = {PLOS Computational Biology},
	author = {Muldoon, Sarah Feldt and Pasqualetti, Fabio and Gu, Shi and Cieslak, Matthew and Grafton, Scott T. and Vettel, Jean M. and Bassett, Danielle S.},
	year = {2016},
	pages = {1--23},
}

@article{Kirkpatrick1983,
	title = {Optimization by Simulated Annealing},
	volume = {220},
	number = {4598},
	journal = {Science},
	author = {Kirkpatrick, S and Gelatt, C D and Vecchi, M P},
	year = {1983},
	pages = {671--680},
}

@article{Wilson1972,
	title = {Excitatory and inhibitory interactions in localized populations of model neurons.},
	volume = {12},
	issn = {0006-3495},
	doi = {10.1016/S0006-3495(72)86068-5},
	number = {1},
	journal = {Biophysical journal},
	author = {Wilson, H R and Cowan, J D},
	year = {1972},
	pages = {1--24},
}

@article{nunez_theoretical_2006,
	title = {A theoretical basis for standing and traveling brain waves measured with human EEG with implications for an integrated consciousness},
	volume = {117},
	issn = {1388-2457},
	doi = {10.1016/j.clinph.2006.06.754},
	number = {11},
	journal = {Clinical Neurophysiology: Official Journal of the International Federation of Clinical Neurophysiology},
	author = {Nunez, Paul L. and Srinivasan, Ramesh},
	month = nov,
	year = {2006},
	pages = {2424-2435},
}

@article{vijayan_thalamocortical_2013,
	title = {Thalamocortical Mechanisms for the Anteriorization of Alpha Rhythms during Propofol-Induced Unconsciousness},
	volume = {33},
	issn = {0270-6474},
	doi = {10.1523/JNEUROSCI.5670-12.2013},
	number = {27},
	journal = {The Journal of Neuroscience},
	author = {Vijayan, Sujith and Ching, ShiNung and Purdon, Patrick L. and Brown, Emery N. and Kopell, Nancy J.},
	month = jul,
	year = {2013},
	pages = {11070-11075},
}

@article{Spiegler2013,
	title = {Systematic approximations of neural fields through networks of neural masses in the virtual brain},
	volume = {83},
	issn = {10538119},
	doi = {10.1016/j.neuroimage.2013.06.018},
	number = {March},
	journal = {NeuroImage},
	author = {Spiegler, A. and Jirsa, V.},
	year = {2013},
	pages = {704-725},
}

@article{van_rotterdam_model_1982,
	title = {A model of the spatial-temporal characteristics of the alpha rhythm},
	volume = {44},
	issn = {0092-8240},
	doi = {10.1016/S0092-8240(82)80070-0},
	number = {2},
	journal = {Bulletin of Mathematical Biology},
	author = {van Rotterdam, A. and Lopes da Silva, F. H. and van den Ende, J. and Viergever, M. A. and Hermans, A. J.},
	month = jan,
	year = {1982},
	pages = {283-305},
}

@article{liley_spatially_2002,
	title = {A spatially continuous mean field theory of electrocortical activity},
	volume = {13},
	issn = {0954-898X},
	doi = {10.1080/net.13.1.67.113},
	number = {1},
	journal = {Network: Computation in Neural Systems},
	author = {Liley, D.T.J. and Cadusch, P.J. and Dafilis, M.P.},
	month = jan,
	year = {2002},
	pages = {67-113},
}

@article{nunez_study_1981,
	title = {A Study of Origins of the Time Dependencies of Scalp EEG: I - Theoretical Basis},
	volume = {BME-28},
	issn = {1558-2531},
	doi = {10.1109/TBME.1981.324700},
	number = {3},
	journal = {IEEE Transactions on Biomedical Engineering},
	author = {Nunez, Paul L.},
	month = mar,
	year = {1981},
	pages = {271-280},
}

@article{daunizeau_dynamic_2011,
	title = {Dynamic causal modelling: a critical review of the biophysical and statistical foundations},
	volume = {58},
	issn = {1095-9572},
	doi = {10.1016/j.neuroimage.2009.11.062},
	number = {2},
	journal = {NeuroImage},
	author = {Daunizeau, J. and David, O. and Stephan, K. E.},
	month = sep,
	year = {2011},
	pages = {312-322},
}

@article{friston_dynamic_2017,
	title = {Dynamic causal modelling revisited.},
	issn = {1095-9572},
	doi = {10.1016/j.neuroimage.2017.02.045},
	number = {February},
	journal = {NeuroImage},
	author = {Friston, K J and Preller, Katrin H and Mathys, Chris and Cagnan, Hayriye and Heinzle, Jakob and Razi, Adeel and Zeidman, Peter},
	year = {2017},
}

@article{pinotsis_anatomical_2013,
	title = {Anatomical connectivity and the resting state activity of large cortical networks},
	volume = {65},
	issn = {10538119},
	doi = {10.1016/j.neuroimage.2012.10.016},
	journal = {NeuroImage},
	author = {Pinotsis, D. A. and Hansen, E. and Friston, K. J. and Jirsa, V. K.},
	year = {2013},
	pages = {127-138},
}

@article{razi_construct_2015,
	title = {Construct validation of a DCM for resting state fMRI},
	volume = {106},
	issn = {10959572},
	doi = {10.1016/j.neuroimage.2014.11.027},
	journal = {NeuroImage},
	author = {Razi, Adeel and Kahan, Joshua and Rees, Geraint and Friston, Karl J.},
	year = {2015},
	pages = {1-14},
}

@article{pinotsis_linking_2017,
	title = {Linking canonical microcircuits and neuronal activity: Dynamic causal modelling of laminar recordings},
	volume = {146},
	issn = {1053-8119},
	doi = {10.1016/j.neuroimage.2016.11.041},
	journal = {NeuroImage},
	author = {Pinotsis, D. A. and Geerts, J. P. and Pinto, L. and FitzGerald, T. H. B. and Litvak, V. and Auksztulewicz, R. and Friston, K. J.},
	month = feb,
	year = {2017},
	pages = {355-366},
}

@article{daunizeau_dynamic_2009,
	title = {Dynamic causal modelling of distributed electromagnetic responses},
	volume = {47},
	issn = {10538119},
	doi = {10.1016/j.neuroimage.2009.04.062},
	number = {2},
	journal = {NeuroImage},
	author = {Daunizeau, Jean and Kiebel, Stefan J. and Friston, Karl J.},
	year = {2009},
	pages = {590-601},
}

@article{park_dynamic_2018,
	title = {Dynamic effective connectivity in resting state fMRI},
	volume = {180},
	issn = {10959572},
	doi = {10.1016/j.neuroimage.2017.11.033},
	number = {May 2017},
	journal = {NeuroImage},
	author = {Park, Hae Jeong and Friston, Karl J. and Pae, Chongwon and Park, Bumhee and Razi, Adeel},
	year = {2018},
	pages = {594-608},
}


@article{van_de_steen_dynamic_2019,
	title = {Dynamic causal modelling of fluctuating connectivity in resting-state EEG},
	volume = {189},
	issn = {1053-8119},
	doi = {10.1016/j.neuroimage.2019.01.055},
	journal = {NeuroImage},
	author = {Van de Steen, Frederik and Almgren, Hannes and Razi, Adeel and Friston, Karl and Marinazzo, Daniele},
	month = apr,
	year = {2019},
	pages = {476-484},
}


@article{preti_dynamic_2017,
	title = {The dynamic functional connectome: State-of-the-art and perspectives},
	volume = {160},
	issn = {1053-8119},
	doi = {10.1016/j.neuroimage.2016.12.061},
	journal = {NeuroImage},
	author = {Preti, Maria Giulia and Bolton, Thomas AW and Van De Ville, Dimitri},
	month = oct,
	year = {2017},
	pages = {41-54},
}

@article{razi_large-scale_2017,
	title = {Large-scale DCMs for resting-state fMRI},
	volume = {1},
	issn = {2472-1751},
	doi = {10.1162/NETN_a_00015},
	number = {3},
	journal = {Network Neuroscience},
	author = {Razi, Adeel and Seghier, Mohamed L. and Zhou, Yuan and McColgan, Peter and Zeidman, Peter and Park, Hae-Jeong and Sporns, Olaf and Rees, Geraint and Friston, Karl J.},
	month = oct,
	year = {2017},
	pages = {222-241},
}

@article{frassle_regression_2017,
	title = {Regression DCM for fMRI},
	volume = {155},
	issn = {10959572},
	doi = {10.1016/j.neuroimage.2017.02.090},
	number = {February},
	journal = {NeuroImage},
	author = {Frässle, Stefan and Lomakina, Ekaterina I. and Razi, Adeel and Friston, Karl J. and Buhmann, Joachim M. and Stephan, Klaas E.},
	year = {2017},
	pages = {406-421},
}

@article{frassle_generative_2018,
	title = {A generative model of whole-brain effective connectivity},
	volume = {179},
	issn = {10959572},
	doi = {10.1016/j.neuroimage.2018.05.058},
	number = {May},
	journal = {NeuroImage},
	author = {Frässle, Stefan and Lomakina, Ekaterina I. and Kasper, Lars and Manjaly, Zina M. and Leff, Alex and Pruessmann, Klaas P. and Buhmann, Joachim M. and Stephan, Klaas E.},
	year = {2018},
	pages = {505-529},
}

% GPU STREAMLINES

@article{garyfallidis_dipy_2014,
	title = {Dipy, a library for the analysis of diffusion {MRI} data},
	volume = {8},
	issn = {1662-5196},
	doi = {10.3389/fninf.2014.00008},
	journal = {Frontiers in Neuroinformatics},
	author = {Garyfallidis, Eleftherios and Brett, Matthew and Amirbekian, Bagrat and Rokem, Ariel and Van Der Walt, Stefan and Descoteaux, Maxime and Nimmo-Smith, Ian},
	year = {2014},
	pages = {8},
}

@article{berman_probabilistic_2008,
	title = {Probabilistic streamline q-ball tractography using the residual bootstrap},
	volume = {39},
	issn = {1053-8119},
	doi = {10.1016/j.neuroimage.2007.08.021},
	number = {1},
	journal = {NeuroImage},
	author = {Berman, Jeffrey I. and Chung, SungWon and Mukherjee, Pratik and Hess, Christopher P. and Han, Eric T. and Henry, Roland G.},
	month = jan,
	year = {2008},
	pages = {215-222},
}

@article{rokem_evaluating_2015,
	title = {Evaluating the Accuracy of Diffusion {MRI} Models in White Matter},
	volume = {10},
	issn = {1932-6203},
	doi = {10.1371/journal.pone.0123272},
	number = {4},
	urldate = {2021-09-15},
	journal = {PLOS ONE},
	author = {Rokem, Ariel and Yeatman, Jason D. and Pestilli, Franco and Kay, Kendrick N. and Mezer, Aviv and Walt, Stefan van der and Wandell, Brian A.},
	month = apr,
	year = {2015},
	pages = {e0123272},
}

@article{elsaid_super-resolution_2019,
	title = {Super-Resolution Hybrid Diffusion Imaging ({SR-HYDI})},
	doi = {10.13140/RG.2.2.11888.81920},
	language = {en},
	journal = {International Society for Magnetic Resonance in Medicine (ISMRM)},
	author = {Elsaid, Nahla M H and Coupé, Pierrick and Yu-Chien Wu},
	year = {2019},
}

@article{Garyfallidis2019,
author = "Eleftherios Garyfallidis and Nahla E and Yu-Chien Wu",
title = "{Superresolved HYDI dataset}",
year = "2019",
month = "11",
url = "https://figshare.com/articles/dataset/Superresolved_HYDI_dataset/10266194",
doi = "10.6084/m9.figshare.10266194.v1"
}